@article{yan2017bliss,
  title={BLISS is a versatile and quantitative method for genome-wide profiling of DNA double-strand breaks},
  author={Yan, Winston X and Mirzazadeh, Reza and Garnerone, Silvano and Scott, David and Schneider, Martin W and Kallas, Tomasz and Custodio, Joaquin and Wernersson, Erik and Li, Yinqing and Gao, Linyi and others},
  journal={Nature communications},
  volume={8},
  number={1},
  pages={15058},
  year={2017},
  publisher={Nature Publishing Group UK London}
}

@article{bouwman2020genome,
  title={Genome-wide detection of DNA double-strand breaks by in-suspension BLISS},
  author={Bouwman, Britta AM and Agostini, Federico and Garnerone, Silvano and Petrosino, Giuseppe and Gothe, Henrike J and Sayols, Sergi and Moor, Andreas E and Itzkovitz, Shalev and Bienko, Magda and Roukos, Vassilis and others},
  journal={Nature protocols},
  volume={15},
  number={12},
  pages={3894--3941},
  year={2020},
  publisher={Nature Publishing Group UK London}
}

@misc {fastqc,
	title = {FastQC},
	url = {http://www.bioinformatics.babraham.ac.uk/projects/fastqc/},
 	howpublished = {\url{http://www.bioinformatics.babraham.ac.uk/projects/fastqc/}},
	year = {2010},
	author = {Andrews, Simon}
}
@misc {fast_screen,
	title = {Fast Screen},
	url = {https://www.bioinformatics.babraham.ac.uk/projects/fastq_screen/},
	howpublished = {https://www.bioinformatics.babraham.ac.uk/projects/fastq\_screen/}},
	year = {2011},
	author = {Wingett, Steven}
}

@article{romiguier2010contrasting,
  title={Contrasting GC-content dynamics across 33 mammalian genomes: relationship with life-history traits and chromosome sizes},
  author={Romiguier, Jonathan and Ranwez, Vincent and Douzery, Emmanuel JP and Galtier, Nicolas},
  journal={Genome research},
  volume={20},
  number={8},
  pages={1001--1009},
  year={2010},
  publisher={Cold Spring Harbor Lab}
}

@article{sulston1974dna,
  title={The DNA of Caenorhabditis elegans},
  author={Sulston, John E and Brenner, Sydney},
  journal={Genetics},
  volume={77},
  number={1},
  pages={95--104},
  year={1974},
  publisher={Oxford University Press}
}

@misc {MACS3,
	title = {MACS: Model-based Analysis for ChIP-Seq},
	url = {https://macs3-project.github.io/MACS/index.html},
	howpublished = {\url{https://macs3-project.github.io/MACS/index.html}},
	year = {2024},
	author = {Liu, Tao and Doherty, Philippa}
}

@misc {Glogg,
	title = {glogg - the fast, smart log explorer},
	url = {https://glogg.bonnefon.org/},
	howpublished = {\url{https://glogg.bonnefon.org/}},
	year = {2016},
	author = {Bonnefon, Nicolas}
}

@article{bwa1,
  title={Fast and accurate short read alignment with Burrows--Wheeler transform},
  author={Li, Heng and Durbin, Richard},
  journal={bioinformatics},
  volume={25},
  number={14},
  pages={1754--1760},
  year={2009},
  publisher={Oxford University Press}
}

@article{bwa2,
  title={Fast and accurate long-read alignment with Burrows--Wheeler transform},
  author={Li, Heng and Durbin, Richard},
  journal={Bioinformatics},
  volume={26},
  number={5},
  pages={589--595},
  year={2010},
  publisher={Oxford University Press}
}

@article{bowtie2,
  title={Ultrafast and memory-efficient alignment of short DNA sequences to the human genome},
  author={Langmead, Ben and Trapnell, Cole and Pop, Mihai and Salzberg, Steven L},
  journal={Genome biology},
  volume={10},
  pages={1--10},
  year={2009},
  publisher={Springer}
}

@article{hisat,
  title={HISAT: a fast spliced aligner with low memory requirements},
  author={Kim, Daehwan and Langmead, Ben and Salzberg, Steven L},
  journal={Nature methods},
  volume={12},
  number={4},
  pages={357--360},
  year={2015},
  publisher={Nature Publishing Group US New York}
}

@article{star,
  title={STAR: ultrafast universal RNA-seq aligner},
  author={Dobin, Alexander and Davis, Carrie A and Schlesinger, Felix and Drenkow, Jorg and Zaleski, Chris and Jha, Sonali and Batut, Philippe and Chaisson, Mark and Gingeras, Thomas R},
  journal={Bioinformatics},
  volume={29},
  number={1},
  pages={15--21},
  year={2013},
  publisher={Oxford University Press}
}

@article{musich2021comparison,
  title={Comparison of short-read sequence aligners indicates strengths and weaknesses for biologists to consider},
  author={Musich, Ryan and Cadle-Davidson, Lance and Osier, Michael V},
  journal={Frontiers in Plant Science},
  volume={12},
  pages={657240},
  year={2021},
  publisher={Frontiers Media SA}
}


@article{martin2011cutadapt,
  title={Cutadapt removes adapter sequences from high-throughput sequencing reads},
  author={Martin, Marcel},
  journal={EMBnet. journal},
  volume={17},
  number={1},
  pages={10--12},
  year={2011}
}

@article{bolger2014trimmomatic,
  title={Trimmomatic: a flexible trimmer for Illumina sequence data},
  author={Bolger, Anthony M and Lohse, Marc and Usadel, Bjoern},
  journal={Bioinformatics},
  volume={30},
  number={15},
  pages={2114--2120},
  year={2014},
  publisher={Oxford University Press}
}

@article{krueger2015trim,
  title={Trim Galore!: A wrapper around Cutadapt and FastQC to consistently apply adapter and quality trimming to FastQ files, with extra functionality for RRBS data},
  author={Krueger, Felix},
  journal={Babraham Institute},
  year={2015}
}

@misc{amemiya2019encode,
  title={The ENCODE blacklist: identification of problematic regions of the genome. Sci. Rep. 9, 9354},
  author={Amemiya, HM and Kundaje, A and Boyle, AP},
  year={2019}
}

@article{GLOEseq,
  title={Genome-wide nucleotide-resolution mapping of DNA replication patterns, single-strand breaks, and lesions by GLOE-Seq},
  author={Sriramachandran, Annie M and Petrosino, Giuseppe and M{\'e}ndez-Lago, Mar{\'\i}a and Sch{\"a}fer, Axel J and Batista-Nascimento, Liliana S and Zilio, Nicola and Ulrich, Helle D},
  journal={Molecular cell},
  volume={78},
  number={5},
  pages={975--985},
  year={2020},
  publisher={Elsevier}
}

@article{qualimap,
  title={Qualimap: evaluating next-generation sequencing alignment data},
  author={Garc{\'\i}a-Alcalde, Fernando and Okonechnikov, Konstantin and Carbonell, Jos{\'e} and Cruz, Luis M and G{\"o}tz, Stefan and Tarazona, Sonia and Dopazo, Joaqu{\'\i}n and Meyer, Thomas F and Conesa, Ana},
  journal={Bioinformatics},
  volume={28},
  number={20},
  pages={2678--2679},
  year={2012},
  publisher={Oxford University Press}
}

@article{qualimap2,
  title={Qualimap 2: advanced multi-sample quality control for high-throughput sequencing data},
  author={Okonechnikov, Konstantin and Conesa, Ana and Garc{\'\i}a-Alcalde, Fernando},
  journal={Bioinformatics},
  volume={32},
  number={2},
  pages={292--294},
  year={2016},
  publisher={Oxford University Press}
}

@article{li2009sequence,
  title={The sequence alignment/map format and SAMtools},
  author={Li, Heng and Handsaker, Bob and Wysoker, Alec and Fennell, Tim and Ruan, Jue and Homer, Nils and Marth, Gabor and Abecasis, Goncalo and Durbin, Richard and 1000 Genome Project Data Processing Subgroup},
  journal={bioinformatics},
  volume={25},
  number={16},
  pages={2078--2079},
  year={2009},
  publisher={Oxford University Press}
}

@article{kunkel2004dna,
  title={DNA replication fidelity},
  author={Kunkel, Thomas A},
  journal={Journal of Biological Chemistry},
  volume={279},
  number={17},
  pages={16895--16898},
  year={2004},
  publisher={ASBMB}
}

@article{fazekas2010improving,
  title={Improving sequencing quality from PCR products containing long mononucleotide repeats},
  author={Fazekas, Aron J and Steeves, Royce and Newmaster, Steven G},
  journal={Biotechniques},
  volume={48},
  number={4},
  pages={277--285},
  year={2010},
  publisher={Taylor \& Francis}
}

@article{lefol2023tisa,
  title={TiSA: TimeSeriesAnalysisâ€”a pipeline for the analysis of longitudinal transcriptomics data},
  author={Lefol, Yohan and Korfage, Tom and Mjelle, Robin and Prebensen, Christian and L{\"u}ders, Torben and M{\"u}ller, Bruno and Krokan, Hans and Sarno, Antonio and Als{\o}e, Lene and CONSORTIUM LEMONAID and others},
  journal={NAR Genomics and Bioinformatics},
  volume={5},
  number={1},
  pages={lqad020},
  year={2023},
  publisher={Oxford University Press}
}

@article{liao2014featurecounts,
  title={featureCounts: an efficient general purpose program for assigning sequence reads to genomic features},
  author={Liao, Yang and Smyth, Gordon K and Shi, Wei},
  journal={Bioinformatics},
  volume={30},
  number={7},
  pages={923--930},
  year={2014},
  publisher={Oxford University Press}
}


@article{thorvaldsdottir2013integrative,
  title={Integrative Genomics Viewer (IGV): high-performance genomics data visualization and exploration},
  author={Thorvaldsd{\'o}ttir, Helga and Robinson, James T and Mesirov, Jill P},
  journal={Briefings in bioinformatics},
  volume={14},
  number={2},
  pages={178--192},
  year={2013},
  publisher={Oxford University Press}
}